<?xml version="1.0" encoding="UTF-8"?><record xmlns="http://www.loc.gov/MARC21/slim" xmlns:cinclude="http://apache.org/cocoon/include/1.0" xmlns:zs="http://www.loc.gov/zing/srw/">
  <leader>02584cz  a2200361n  4500</leader>
  <controlfield tag="001">n  84721495 </controlfield>
  <controlfield tag="003">DLC</controlfield>
  <controlfield tag="005">19960222053412.2</controlfield>
  <controlfield tag="008">851202n| acaaaaaa|          |a ana |||  </controlfield>
  <datafield tag="010" ind1=" " ind2=" ">
    <subfield code="a">n  84721495 </subfield>
    <subfield code="z">n  91057725 </subfield>
    <subfield code="z">n  91124688 </subfield>
  </datafield>
  <datafield tag="022" ind1=" " ind2=" ">
    <subfield code="a">0825-0979</subfield>
  </datafield>
  <datafield tag="035" ind1=" " ind2=" ">
    <subfield code="a">(OCoLC)oca01452147 </subfield>
  </datafield>
  <datafield tag="040" ind1=" " ind2=" ">
    <subfield code="a">DLC</subfield>
    <subfield code="c">DLC</subfield>
    <subfield code="d">DLC</subfield>
    <subfield code="d">NmU</subfield>
    <subfield code="d">DLC</subfield>
    <subfield code="d">NmU</subfield>
  </datafield>
  <datafield tag="130" ind1=" " ind2="0">
    <subfield code="a">Geosciences in international development</subfield>
  </datafield>
  <datafield tag="410" ind1="2" ind2="0">
    <subfield code="a">Association of Geoscientists for International Development.</subfield>
    <subfield code="t">Geosciences in international development</subfield>
  </datafield>
  <datafield tag="430" ind1=" " ind2="0">
    <subfield code="a">Report (Association of Geoscientists for International Development)</subfield>
  </datafield>
  <datafield tag="430" ind1=" " ind2="0">
    <subfield code="a">AGID report</subfield>
  </datafield>
  <datafield tag="430" ind1=" " ind2="0">
    <subfield code="a">Report series (Association of Geoscientists for International Development)</subfield>
  </datafield>
  <datafield tag="430" ind1=" " ind2="0">
    <subfield code="a">AGID report series</subfield>
  </datafield>
  <datafield tag="430" ind1=" " ind2="0">
    <subfield code="a">AGID special publication series</subfield>
  </datafield>
  <datafield tag="430" ind1=" " ind2="0">
    <subfield code="a">Special report (Association of Geoscientists for International Development)</subfield>
  </datafield>
  <datafield tag="430" ind1=" " ind2="0">
    <subfield code="a">AGID special publication</subfield>
  </datafield>
  <datafield tag="642" ind1=" " ind2=" ">
    <subfield code="a">no. 7</subfield>
    <subfield code="5">DLC</subfield>
  </datafield>
  <datafield tag="643" ind1=" " ind2=" ">
    <subfield code="a">Bangkok, Thailand</subfield>
    <subfield code="b">Association of Geoscientists for International Development</subfield>
    <subfield code="a">Ithaca, N.Y., USA</subfield>
    <subfield code="b">Available from A. Gibbs, Dept. of Geological Sciences, Cornell University</subfield>
  </datafield>
  <datafield tag="644" ind1=" " ind2=" ">
    <subfield code="a">f</subfield>
    <subfield code="5">DLC</subfield>
  </datafield>
  <datafield tag="645" ind1=" " ind2=" ">
    <subfield code="a">t</subfield>
    <subfield code="5">DLC</subfield>
  </datafield>
  <datafield tag="646" ind1=" " ind2=" ">
    <subfield code="a">s</subfield>
    <subfield code="5">DLC</subfield>
  </datafield>
  <datafield tag="667" ind1=" " ind2=" ">
    <subfield code="a">Publisher varies</subfield>
  </datafield>
  <datafield tag="667" ind1=" " ind2=" ">
    <subfield code="a">Title fluctuates from volume to volume, e.g.: v. 7-8 have both titles: Geosciences in international development, AGID report; v. 9, 13, 16 have title: AGID report; v. 10 has both titles: Geosciences in international development, Report; v. 11, 12 have title: Report series; v. 14 has both titles: Geosciences in international development, AGID report series; etc.  AGID report and its various permutations det. to be subtitle or variant of series</subfield>
  </datafield>
  <datafield tag="670" ind1=" " ind2=" ">
    <subfield code="a">Symp. on Min. Explor. Tech. in Trop. Forest Areas (1977 : Caracas, Ven.). Hidden wealth, 1982:</subfield>
    <subfield code="b">t.p.</subfield>
  </datafield>
  <datafield tag="670" ind1=" " ind2=" ">
    <subfield code="a">Geosciences in development, 1991:</subfield>
    <subfield code="b">t.p. (The Geosciences in international development, AGID report series ; no. 14, issued by A.A. Balkema, Rotterdam)</subfield>
  </datafield>
  <datafield tag="670" ind1=" " ind2=" ">
    <subfield code="a">Groundwater quality, 1995:</subfield>
    <subfield code="b">ser. t.p. (AGID special publication series, the Geosciences in international development) t.p. (17th special report; issued by Chapman &amp; Hall, London and New York) t.p. verso (AGID special publication no. 17) fwd. (latest Special Publication in the AGID Geosciences in International Development series)</subfield>
  </datafield>
  <datafield tag="670" ind1=" " ind2=" ">
    <subfield code="a">LC in OCLC (sf91-10017), 1/29/96</subfield>
    <subfield code="b">(hdg.: Geosciences in international development; usages: Geosciences in international development. AGID report; Geosciences in international development. Report; AGID report; series name does not appear on nos. 1-2)</subfield>
  </datafield>
</record>